11201000162800000000000000026420001359200000065008026  040012111412111512111500001009510000000000120                          
11201000162800000000000000028340001550500000060003503  010012111412111512111600003000600000000000120                          
00501000162800000000000000029410001657000000070000018  040012101712111512111600000000600000000000000                          
11201000162800000000000000029530001669000000115003101  010012111412111512111600002001510000000000175                          
10201000162800000000000000029560001672200000265000012  210012111512111512111600006038900000000000000                          
00201000162800000000000000029990001715600001105000040  040012111512111512111600643000100000000000000                          
11201000162800000000000000030000001716400000050003060  020012111512111512111600001000100000000000090                          
00201000162800000000000000030500001766400000500000040  040012111512111512111600639000100000000000000                          
10201000162800000000000000030530001769400000090000014  430012111512111512111600101008100000000000000                          
00201000162800000000000000030880001804400000205000018  040012111512111512111600000000200000000000000                          
00201000162800000000000000031230001838400000140000040  040012111512111512111600407001000000000000000                          
11201000162800000000000000031490001864100000100009008  040012111412111512111600001013500000000000120                          
00201000162800000000000000031520001867100000110000018  040012111512111512111600000000100000000000000                          
11201000162800000000000000031620001877900000135002281  020012111412111512111600001000600000000000175                          
11201000162800000000000000032100001925700000100003306  040012111412111512111600002001700000000000120                          
00201000162800000000000000032140001929400000090000040  040012111512111512111600706000100000000000000                          
00201000162800000000000000032180001933400000070000008  000012111512111512111600172186500000000000000                          
11201000162800000000000000032290001944000000070008164  030012111412111512111600001003800000000000120                          
10201000162800000000000000032570001972600000040000012  220012111512111512111600017027810000000000000                          
00201000162800000000000000033600002075300000045000008  000012110812111512111600129758800000000000000                          
00801000162800000000000000033620002077000000065000008  000012111512111512111600148065600000000000000                          
00201000162800000000000000033650002080000000130000018  040012111512111512111600000000600000000000000                          
00201000162800000000000000033720002087700000090000040  040012111512111512111600754000100000000000000                          
00201000162800000000000000033800002095700000130000040  040012111512111512111600599000100000000000000                          
999010001628999999999999999999999999999000000370000000000000024121115000001040000000044                                       
00201052600000000000000111111102012344300000040000008  020012111512111512111600588000100000000000000                          
01801052600000000000000111111102012395800000040000010  220012110512111512111600854506300000000000090                          
00201052600000000000000111111102012456500000040000018  040012111512111512111600000001400000000000000                          
999010526000999999999999999999999999999000000012000000000000003121115000000090000000000                                       